@article{Lahmann:2017hsh,
      author         = "Lahmann, Robert",
      title          = "{Acoustic detection of high energy neutrinos in sea
                        water: status and prospects}",
      booktitle      = "{Proceedings, 7th international workshop on Acoustic and
                        Radio EeV Neutrino Detection Activities (ARENA 2016):
                        Groningen, The Netherlands, June 7-10, 2016}",
      journal        = "EPJ Web Conf.",
      volume         = "135",
      year           = "2017",
      pages          = "06001",
      doi            = "10.1051/epjconf/201713506001",
      eprint         = "1811.11871",
      archivePrefix  = "arXiv",
      primaryClass   = "astro-ph.IM",
      SLACcitation   = "%%CITATION = ARXIV:1811.11871;%%"
}


@article{Learned:1978iv,
      author         = "Learned, John G.",
      title          = "{Acoustic Radiation by Charged Atomic Particles in
                        Liquids: An Analysis}",
      journal        = "Phys. Rev.",
      volume         = "D19",
      year           = "1979",
      pages          = "3293",
      doi            = "10.1103/PhysRevD.19.3293",
      reportNumber   = "UCI-77-44",
      SLACcitation   = "%%CITATION = PHRVA,D19,3293;%%"
}



@article{Grabowska:2018lnd,
      author         = "Grabowska, Dorota M. and Melia, Tom and Rajendran,
                        Surjeet",
      title          = "{Detecting Dark Blobs}",
      journal        = "Phys. Rev. D",
      volume         = "98",
      year           = "2018",
      number         = "11",
      pages          = "115020",
      doi            = "10.1103/PhysRevD.98.115020",
      eprint         = "1807.03788",
      archivePrefix  = "arXiv",
      primaryClass   = "hep-ph",
      SLACcitation   = "%%CITATION = ARXIV:1807.03788;%%"
}



@article{Kaplan:2018dqx,
      author         = "Kaplan, David E. and Rajendran, Surjeet",
      title          = "{Firewalls in General Relativity}",
      journal        = "Phys. Rev. D",
      volume         = "99",
      year           = "2019",
      number         = "4",
      pages          = "044033",
      doi            = "10.1103/PhysRevD.99.044033",
      eprint         = "1812.00536",
      archivePrefix  = "arXiv",
      primaryClass   = "hep-th",
      SLACcitation   = "%%CITATION = ARXIV:1812.00536;%%"
}




@article{Clement:1983tu,
      author         = "Clement, Gerard",
      title          = "{Axisymmetric Regular Multiwormhole Solutions in
                        Five-dimensional General Relativity}",
      journal        = "Gen. Rel. Grav.",
      volume         = "16",
      year           = "1984",
      pages          = "477",
      doi            = "10.1007/BF00762340",
      reportNumber   = "IPUC 83-3",
      SLACcitation   = "%%CITATION = GRGVA,16,477;%%"
}


@article{Emparan:2001wk,
      author         = "Emparan, Roberto and Reall, Harvey S.",
      title          = "{Generalized Weyl solutions}",
      journal        = "Phys. Rev.",
      volume         = "D65",
      year           = "2002",
      pages          = "084025",
      doi            = "10.1103/PhysRevD.65.084025",
      eprint         = "hep-th/0110258",
      archivePrefix  = "arXiv",
      primaryClass   = "hep-th",
      reportNumber   = "CERN-TH-2001-293",
      SLACcitation   = "%%CITATION = HEP-TH/0110258;%%"
}


@article{Tan:2003jz,
      author         = "Tan, H. S. and Teo, Edward",
      title          = "{Multi - black hole solutions in five-dimensions}",
      journal        = "Phys. Rev.",
      volume         = "D68",
      year           = "2003",
      pages          = "044021",
      doi            = "10.1103/PhysRevD.68.044021",
      eprint         = "hep-th/0306044",
      archivePrefix  = "arXiv",
      primaryClass   = "hep-th",
      SLACcitation   = "%%CITATION = HEP-TH/0306044;%%"
}


@article{Harmark:2004rm,
      author         = "Harmark, Troels",
      title          = "{Stationary and axisymmetric solutions of
                        higher-dimensional general relativity}",
      journal        = "Phys. Rev.",
      volume         = "D70",
      year           = "2004",
      pages          = "124002",
      doi            = "10.1103/PhysRevD.70.124002",
      eprint         = "hep-th/0408141",
      archivePrefix  = "arXiv",
      primaryClass   = "hep-th",
      SLACcitation   = "%%CITATION = HEP-TH/0408141;%%"
}


@book{Fujii:2003pa,
      author         = "Fujii, Y. and Maeda, K.",
      title          = "{The scalar-tensor theory of gravitation}",
      publisher      = "Cambridge University Press",
      year           = "2007",
      url            = "http://www.cambridge.org/uk/catalogue/catalogue.asp?isbn=0521811597",
      series         = "Cambridge Monographs on Mathematical Physics",
      doi            = "10.1017/CBO9780511535093",
      ISBN           = "9780521037525, 9780521811590, 9780511029882",
      SLACcitation   = "%%CITATION = INSPIRE-618647;%%"
}


@article{Coleman:1988tj,
      author         = "Coleman, Sidney R.",
      title          = "{Why There Is Nothing Rather Than Something: A Theory of
                        the Cosmological Constant}",
      journal        = "Nucl. Phys.",
      volume         = "B310",
      year           = "1988",
      pages          = "643-668",
      doi            = "10.1016/0550-3213(88)90097-1",
      reportNumber   = "HUTP-88/A022",
      SLACcitation   = "%%CITATION = NUPHA,B310,643;%%"
}


@article{Hawking:1998bn,
      author         = "Hawking, S. W. and Turok, Neil",
      title          = "{Open inflation without false vacua}",
      journal        = "Phys. Lett.",
      volume         = "B425",
      year           = "1998",
      pages          = "25-32",
      doi            = "10.1016/S0370-2693(98)00234-2",
      eprint         = "hep-th/9802030",
      archivePrefix  = "arXiv",
      primaryClass   = "hep-th",
      SLACcitation   = "%%CITATION = HEP-TH/9802030;%%"
}


@article{Polyakov:1976fu,
      author         = "Polyakov, Alexander M.",
      title          = "{Quark Confinement and Topology of Gauge Groups}",
      journal        = "Nucl. Phys.",
      volume         = "B120",
      year           = "1977",
      pages          = "429-458",
      doi            = "10.1016/0550-3213(77)90086-4",
      reportNumber   = "NORDITA-76/33",
      SLACcitation   = "%%CITATION = NUPHA,B120,429;%%"
}


@article{Salehian:2018yoq,
      author         = "Salehian, Borna and Firouzjahi, Hassan",
      title          = "{Vacuum decay and bubble nucleation in $f(R)$ gravity}",
      year           = "2018",
      eprint         = "1810.01391",
      archivePrefix  = "arXiv",
      primaryClass   = "hep-th",
      SLACcitation   = "%%CITATION = ARXIV:1810.01391;%%"
}


@article{Coleman:1977th,
      author         = "Coleman, Sidney R. and Glaser, V. and Martin, Andre",
      title          = "{Action Minima Among Solutions to a Class of Euclidean
                        Scalar Field Equations}",
      journal        = "Commun. Math. Phys.",
      volume         = "58",
      year           = "1978",
      pages          = "211-221",
      doi            = "10.1007/BF01609421",
      reportNumber   = "CERN-TH-2364",
      SLACcitation   = "%%CITATION = CMPHA,58,211;%%"
}


@article{Gibbons:1977zz,
      author         = "Gibbons, G. W.",
      title          = "{The Einstein Action of Riemannian Metrics and Its
                        Relation to Quantum Gravity and Thermodynamics}",
      journal        = "Phys. Lett.",
      volume         = "A61",
      year           = "1977",
      pages          = "3-5",
      doi            = "10.1016/0375-9601(77)90244-4",
      SLACcitation   = "%%CITATION = PHLTA,A61,3;%%"
}


@article{Wald:1979kp,
      author         = "Wald, Robert M.",
      title          = "{ON THE EUCLIDEAN APPROACH TO QUANTUM FIELD THEORY IN
                        CURVED SPACE-TIME}",
      journal        = "Commun. Math. Phys.",
      volume         = "70",
      year           = "1979",
      pages          = "221-242",
      doi            = "10.1007/BF01200053",
      SLACcitation   = "%%CITATION = CMPHA,70,221;%%"
}


@article{Stoica:2012nm,
      author         = "Stoica, Ovidiu Cristinel",
      title          = "{Metric dimensional reduction at singularities with
                        implications to Quantum Gravity}",
      journal        = "Annals Phys.",
      volume         = "347",
      year           = "2014",
      pages          = "74-91",
      doi            = "10.1016/j.aop.2014.04.027",
      eprint         = "1205.2586",
      archivePrefix  = "arXiv",
      primaryClass   = "gr-qc",
      SLACcitation   = "%%CITATION = ARXIV:1205.2586;%%"
}


@phdthesis{Stoica:2013wx,
      author         = "Stoica, Ovidiu Cristinel",
      title          = "{Singular Semi-Riemannian Geometry and Singular General
                        Relativity}",
      school         = "Bucharest, Polytechnic Inst.",
      year           = "2013",
      eprint         = "1301.2231",
      archivePrefix  = "arXiv",
      primaryClass   = "gr-qc",
      SLACcitation   = "%%CITATION = ARXIV:1301.2231;%%"
}


@article{BarberoG.:1995ud,
      author         = "Barbero G., J. Fernando",
      title          = "{From Euclidean to Lorentzian general relativity: The
                        Real way}",
      journal        = "Phys. Rev.",
      volume         = "D54",
      year           = "1996",
      pages          = "1492-1499",
      doi            = "10.1103/PhysRevD.54.1492",
      eprint         = "gr-qc/9605066",
      archivePrefix  = "arXiv",
      primaryClass   = "gr-qc",
      reportNumber   = "LAEFF-95-25",
      SLACcitation   = "%%CITATION = GR-QC/9605066;%%"
}


@article{Visser:2017atf,
      author         = "Visser, Matt",
      title          = "{How to Wick rotate generic curved spacetime}",
      year           = "2017",
      eprint         = "1702.05572",
      archivePrefix  = "arXiv",
      primaryClass   = "gr-qc",
      SLACcitation   = "%%CITATION = ARXIV:1702.05572;%%"
}


@article{Morris:1988cz,
      author         = "Morris, M. S. and Thorne, K. S.",
      title          = "{Wormholes in space-time and their use for interstellar
                        travel: A tool for teaching general relativity}",
      journal        = "Am. J. Phys.",
      volume         = "56",
      year           = "1988",
      pages          = "395-412",
      doi            = "10.1119/1.15620",
      SLACcitation   = "%%CITATION = AJPIA,56,395;%%"
}

@article{Scholz:2016,
  title = {Measurement of the low-energy quenching factor in germanium using an $^{88}\mathrm{Y}/\mathrm{Be}$ photoneutron source},
  author = {Scholz, B. J. and Chavarria, A. E. and Collar, J. I. and Privitera, P. and Robinson, A. E.},
  journal = {Phys. Rev. D},
  volume = {94},
  issue = {12},
  pages = {122003},
  numpages = {7},
  year = {2016},
  month = {Dec},
  publisher = {American Physical Society},
  doi = {10.1103/PhysRevD.94.122003},
  url = {https://link.aps.org/doi/10.1103/PhysRevD.94.122003}
}

@article{Collar:2019,
  title = {Response of CsI[Na] to nuclear recoils: Impact on coherent elastic neutrino-nucleus scattering},
  author = {Collar, J. I. and Kavner, A. R. L. and Lewis, C. M.},
  journal = {Phys. Rev. D},
  volume = {100},
  issue = {3},
  pages = {033003},
  numpages = {8},
  year = {2019},
  month = {Aug},
  publisher = {American Physical Society},
  doi = {10.1103/PhysRevD.100.033003},
  url = {https://link.aps.org/doi/10.1103/PhysRevD.100.033003}
}

@article{Price:2006,
author = {Price, P. B.},
title = {Attenuation of acoustic waves in glacial ice and salt domes},
journal = {Journal of Geophysical Research: Solid Earth},
volume = {111},
number = {B2},
pages = {},
keywords = {acoustic attenuation, glacial ice, salt domes},
doi = {10.1029/2005JB003903},
url = {https://agupubs.onlinelibrary.wiley.com/doi/abs/10.1029/2005JB003903},
eprint = {https://agupubs.onlinelibrary.wiley.com/doi/pdf/10.1029/2005JB003903},
abstract = {Two classes of natural solid media, glacial ice and salt domes, are under consideration as media in which to deploy instruments for detection of neutrinos with energy ≥1018 eV. Though insensitive to 1011 to 1016 eV neutrinos for which observatories (e.g., AMANDA and IceCube) that utilize optical Cherenkov radiation detectors are designed, radio and acoustic methods are suited for searches for the very low fluxes of neutrinos with energies >1017 eV. This is because owing to the very long attenuation lengths of radio and acoustic waves produced by interactions of such neutrinos in ice and salt, detection modules can be spaced at horizontal distances ∼1 km, in contrast to the 0.12 km distances between strings of IceCube modules. In this paper, I calculate the absorption and scattering coefficients as a function of frequency and grain size for acoustic waves in glacial ice and salt domes and show that experimental measurements on laboratory samples and in glacial ice and salt domes are consistent with theory. For South Pole ice with grain size ∼0.2 cm at depths ≤600 m, scattering lengths are calculated to be 2000 and 25 km at frequencies 10 and 30 kHz, respectively; for grain size ∼0.4 cm at 1500 m (the maximum depth to be instrumented acoustically), scattering lengths are calculated to be 250 and 3 km. These are within the range of frequencies where most of the energy of the acoustic wave is concentrated. The absorption length is calculated to be 9 ± 3 km at all frequencies above ∼100 Hz. For NaCl (rock salt) with grain size 0.75 cm, scattering lengths are calculated to be 120 and 1.4 km at 10 and 30 kHz, and absorption lengths are calculated to be 3 × 104 and 3300 km at 10 and 30 kHz. Existing measurements are consistent with theory. For ice, absorption is the limiting factor; for salt, scattering is the limiting factor. Both media would be suitable for detection of acoustic waves from ultrahigh-energy neutrino interactions.},
year = {2006}
}

@article{Buckingham:1997,
author = {Buckingham,Michael J. },
title = {Theory of acoustic attenuation, dispersion, and pulse propagation in unconsolidated granular materials including marine sediments},
journal = {The Journal of the Acoustical Society of America},
volume = {102},
number = {5},
pages = {2579-2596},
year = {1997},
doi = {10.1121/1.420313},

URL = { 
        https://doi.org/10.1121/1.420313
    
},
eprint = { 
        https://doi.org/10.1121/1.420313
    
}

}

